@inproceedings{deng2019arcface,
  title={Arcface: Additive angular margin loss for deep face recognition},
  author={Deng, Jiankang and Guo, Jia and Xue, Niannan and Zafeiriou, Stefanos},
  booktitle={Proceedings of the IEEE/CVF conference on computer vision and pattern recognition},
  pages={4690--4699},
  year={2019}
}


@InProceedings{Bai_2023_ICCV,
    author    = {Bai, Xuehan and Li, Yan and Cheng, Yanhua and Yang, Wenjie and Chen, Quan and Li, Han},
    title     = {Cross-Domain Product Representation Learning for Rich-Content E-Commerce},
    booktitle = {Proceedings of the IEEE/CVF International Conference on Computer Vision (ICCV)},
    month     = {October},
    year      = {2023},
    pages     = {5697-5706}
}

@InProceedings{Dong_2022_CVPR,
    author    = {Dong, Xiao and Zhan, Xunlin and Wu, Yangxin and Wei, Yunchao and Kampffmeyer, Michael C. and Wei, Xiaoyong and Lu, Minlong and Wang, Yaowei and Liang, Xiaodan},
    title     = {M5Product: Self-Harmonized Contrastive Learning for E-Commercial Multi-Modal Pretraining},
    booktitle = {Proceedings of the IEEE/CVF Conference on Computer Vision and Pattern Recognition (CVPR)},
    month     = {June},
    year      = {2022},
    pages     = {21252-21262}
}

@article{huang2019multimodal,
  title={Multimodal representation learning for recommendation in Internet of Things},
  author={Huang, Zhenhua and Xu, Xin and Ni, Juan and Zhu, Honghao and Wang, Cheng},
  journal={IEEE Internet of Things Journal},
  volume={6},
  number={6},
  pages={10675--10685},
  year={2019},
  publisher={IEEE}
}

@ARTICLE{8715409,
  author={Guo, Wenzhong and Wang, Jianwen and Wang, Shiping},
  journal={IEEE Access}, 
  title={Deep Multimodal Representation Learning: A Survey}, 
  year={2019},
  volume={7},
  number={},
  pages={63373-63394},
  doi={10.1109/ACCESS.2019.2916887}}

@article{zhang2020multimodal,
  title={Multimodal intelligence: Representation learning, information fusion, and applications},
  author={Zhang, Chao and Yang, Zichao and He, Xiaodong and Deng, Li},
  journal={IEEE Journal of Selected Topics in Signal Processing},
  volume={14},
  number={3},
  pages={478--493},
  year={2020},
  publisher={IEEE}
}

@ARTICLE{9068414,
  author={Zhang, Chao and Yang, Zichao and He, Xiaodong and Deng, Li},
  journal={IEEE Journal of Selected Topics in Signal Processing}, 
  title={Multimodal Intelligence: Representation Learning, Information Fusion, and Applications}, 
  year={2020},
  volume={14},
  number={3},
  pages={478-493},
  doi={10.1109/JSTSP.2020.2987728}}

@article{hsu2018unsupervised,
  title={Unsupervised multimodal representation learning across medical images and reports},
  author={Hsu, Tzu-Ming Harry and Weng, Wei-Hung and Boag, Willie and McDermott, Matthew and Szolovits, Peter},
  journal={arXiv preprint arXiv:1811.08615},
  year={2018}
}

@inproceedings{huang2021gloria,
  title={Gloria: A multimodal global-local representation learning framework for label-efficient medical image recognition},
  author={Huang, Shih-Cheng and Shen, Liyue and Lungren, Matthew P and Yeung, Serena},
  booktitle={Proceedings of the IEEE/CVF International Conference on Computer Vision},
  pages={3942--3951},
  year={2021}
}

@INPROCEEDINGS{8949228,
  author={Zhang, Su-Fang and Zhai, Jun-Hai and Xie, Bo-Jun and Zhan, Yan and Wang, Xin},
  booktitle={2019 International Conference on Machine Learning and Cybernetics (ICMLC)}, 
  title={Multimodal Representation Learning: Advances, Trends and Challenges}, 
  year={2019},
  volume={},
  number={},
  pages={1-6},
  doi={10.1109/ICMLC48188.2019.8949228}}

@article{li2022uctopic,
  title={Uctopic: Unsupervised contrastive learning for phrase representations and topic mining},
  author={Li, Jiacheng and Shang, Jingbo and McAuley, Julian},
  journal={arXiv preprint arXiv:2202.13469},
  year={2022}
}

@inproceedings{yan2023personalized,
  title={Personalized Showcases: Generating multi-modal explanations for recommendations},
  author={Yan, An and He, Zhankui and Li, Jiacheng and Zhang, Tianyang and McAuley, Julian},
  booktitle={Proceedings of the 46th International ACM SIGIR Conference on Research and Development in Information Retrieval},
  pages={2251--2255},
  year={2023}
}

@inproceedings{reimers-2019-sentence-bert,
    title = "Sentence-BERT: Sentence Embeddings using Siamese BERT-Networks",
    author = "Reimers, Nils and Gurevych, Iryna",
    booktitle = "Proceedings of the 2019 Conference on Empirical Methods in Natural Language Processing",
    month = "11",
    year = "2019",
    publisher = "Association for Computational Linguistics",
    url = "http://arxiv.org/abs/1908.10084",
}

@article{iida2021tabbie,
  title={Tabbie: Pretrained representations of tabular data},
  author={Iida, Hiroshi and Thai, Dung and Manjunatha, Varun and Iyyer, Mohit},
  journal={arXiv preprint arXiv:2105.02584},
  year={2021}
}

@article{yin2020tabert,
  title={TaBERT: Pretraining for joint understanding of textual and tabular data},
  author={Yin, Pengcheng and Neubig, Graham and Yih, Wen-tau and Riedel, Sebastian},
  journal={arXiv preprint arXiv:2005.08314},
  year={2020}
}

@article{nikzad2021berters,
  title={BERTERS: Multimodal representation learning for expert recommendation system with transformers and graph embeddings},
  author={Nikzad-Khasmakhi, Narjes and Balafar, Mohammad Ali and Feizi-Derakhshi, M Reza and Motamed, Cina},
  journal={Chaos, Solitons \& Fractals},
  volume={151},
  pages={111260},
  year={2021},
  publisher={Elsevier}
}

@ARTICLE{9354900,
  author={Islam, Md Mofijul and Iqbal, Tariq},
  journal={IEEE Robotics and Automation Letters}, 
  title={Multi-GAT: A Graphical Attention-Based Hierarchical Multimodal Representation Learning Approach for Human Activity Recognition}, 
  year={2021},
  volume={6},
  number={2},
  pages={1729-1736},
  doi={10.1109/LRA.2021.3059624}}

@inproceedings{ngiam2011multimodal,
  title={Multimodal deep learning},
  author={Ngiam, Jiquan and Khosla, Aditya and Kim, Mingyu and Nam, Juhan and Lee, Honglak and Ng, Andrew Y},
  booktitle={Proceedings of the 28th international conference on machine learning (ICML-11)},
  pages={689--696},
  year={2011}
}
